@article{Hacquier2025a,
  author  = {Hacquier, Nick},
  title   = {General Coherence Field Theory (GCFT): A Unified Description of Reality via Coherence Phase Dynamics},
  journal = {Zenodo},
  year    = {2025},
  doi     = {10.5281/zenodo.16044348}
}

@article{Hacquier2025b,
  author  = {Hacquier, Nick},
  title   = {Coherence Field Cosmology: Replacing $\Lambda$CDM with a Single Coherence Field ($\Xi$)},
  journal = {Zenodo},
  year    = {2025},
  doi     = {10.5281/zenodo.15883336}
}

@article{Hacquier2025c,
  author  = {Hacquier, Nick},
  title   = {Îž-Field Precursors in GW231123: Evidence for Coherence-Based Chirps and Mass Gap Violation},
  journal = {Zenodo},
  year    = {2025},
  doi     = {10.5281/zenodo.16120872}
}

@article{Wilczek2012,
  author  = {Wilczek, Frank},
  title   = {Quantum Time Crystals},
  journal = {Physical Review Letters},
  volume  = {109},
  number  = {16},
  pages   = {160401},
  year    = {2012},
  doi     = {10.1103/PhysRevLett.109.160401}
}

@book{Peskin1995,
  author    = {Peskin, Michael E. and Schroeder, Daniel V.},
  title     = {An Introduction to Quantum Field Theory},
  publisher = {Addison-Wesley},
  year      = {1995},
  isbn      = {978-0201503975}
}

@misc{PDG2024,
  author    = {Particle Data Group},
  title     = {Review of Particle Physics},
  howpublished = {\url{https://pdg.lbl.gov}},
  year      = {2024},
  note      = {Accessed 2025-07}
}

@book{Smolin2006,
  author    = {Lee Smolin},
  title     = {The Trouble with Physics: The Rise of String Theory, the Fall of a Science, and What Comes Next},
  publisher = {Houghton Mifflin},
  year      = {2006}
}

@article{Anderson2008,
  author  = {John D. Anderson and James K. Campbell and Michael Martin Nieto},
  title   = {Study of the Anomalous Orbital-Energy Changes in Spacecraft Flybys},
  journal = {Physical Review Letters},
  volume  = {100},
  year    = {2008},
  pages   = {091102}
}

@book{Popper1959,
  author    = {Karl Popper},
  title     = {The Logic of Scientific Discovery},
  publisher = {Routledge},
  year      = {1959}
}

@article{Tegmark2007,
  author  = {Max Tegmark},
  title   = {The Mathematical Universe},
  journal = {Foundations of Physics},
  volume  = {38},
  number  = {2},
  year    = {2008},
  pages   = {101--150}
}

@article{Pontecorvo1968,
  author  = {Bruno Pontecorvo},
  title   = {Neutrino Experiments and the Problem of Conservation of Leptonic Charge},
  journal = {Soviet Physics JETP},
  volume  = {26},
  year    = {1968},
  pages   = {984}
}

@article{ATLAS2012,
  author  = {ATLAS Collaboration},
  title   = {Observation of a New Particle in the Search for the Standard Model Higgs Boson with the ATLAS Detector at the LHC},
  journal = {Physics Letters B},
  volume  = {716},
  number  = {1},
  year    = {2012},
  pages   = {1--29},
  doi     = {10.1016/j.physletb.2012.08.020}
}

@book{Rovelli2014,
  author    = {Carlo Rovelli},
  title     = {Covariant Loop Quantum Gravity: An Elementary Introduction to Quantum Gravity and Spinfoam Theory},
  publisher = {Cambridge University Press},
  year      = {2014}
}